@inproceedings{garcia2016abstracting,
    author = {Garcia, Ronald and Clark, Alison M. and Tanter, \'{E}ric},
    title = {Abstracting Gradual Typing},
    booktitle = {Proceedings of the 43rd Annual ACM SIGPLAN-SIGACT Symposium on Principles of Programming Languages},
    series = {POPL '16},
    year = {2016},
    isbn = {978-1-4503-3549-2},
    location = {St. Petersburg, FL, USA},
    pages = {429--442},
    numpages = {14},
    url = {http://doi.acm.org/10.1145/2837614.2837670},
    doi = {10.1145/2837614.2837670},
    acmid = {2837670},
    publisher = {ACM},
    address = {New York, NY, USA},
    keywords = {abstract interpretation, gradual typing, subtyping},
} 

